@inproceedings{pegasus,
  title={Contextual Policy Enforcement in Android Applications with Permission Event Graphs.},
  author={Chen, Kevin Zhijie and Johnson, Noah M and D'Silva, Vijay and Dai, Shuaifu and MacNamara, Kyle and Magrino, Thomas R and Wu, Edward XueJun and Rinard, Martin and Song, Dawn Xiaodong},
  booktitle={NDSS},
  year={2013}
}

@inproceedings{apposcopy,
  title={Apposcopy: Semantics-Based Detection of Android Malware through Static Analysis},
  author={Feng, Yu and Anand, Saswat and Dillig, Isil and Aiken, Alex},
  year={2014},
  organization={FSE}
}

@article{clarkecegar,
  title={Counterexample-guided abstraction refinement for symbolic model checking},
  author={Clarke, Edmund and Grumberg, Orna and Jha, Somesh and Lu, Yuan and Veith, Helmut},
  journal={Journal of the ACM (JACM)},
  volume={50},
  number={5},
  pages={752--794},
  year={2003},
  publisher={ACM}
}

@inproceedings{cegar12,
  title={Efficient runtime policy enforcement using counterexample-guided abstraction refinement},
  author={Fredrikson, Matthew and Joiner, Richard and Jha, Somesh and Reps, Thomas and Porras, Phillip and Sa{\"\i}di, Hassen and Yegneswaran, Vinod},
  booktitle={Computer Aided Verification},
  pages={548--563},
  year={2012},
  organization={Springer}
}

@inproceedings{jhala2007,
  title={Interprocedural analysis of asynchronous programs},
  author={Jhala, Ranjit and Majumdar, Rupak},
  booktitle={ACM SIGPLAN Notices},
  volume={42},
  number={1},
  pages={339--350},
  year={2007},
  organization={ACM}
}

@article{aware14,
  title={Semantics-Aware Android Malware Classification Using Weighted Contextual API Dependency Graphs},
  author={Zhang, Mu and Duan, Yue and Yin, Heng and Zhao, Zhiruo},
  year={2014}
}

@phdthesis{andersen,
  title={Program analysis and specialization for the C programming language},
  author={Andersen, Lars Ole},
  year={1994},
  school={University of Cophenhagen}
}

@inproceedings{hybrid-context,
  author    = {George Kastrinis and
               Yannis Smaragdakis},
  title     = {Hybrid context-sensitivity for points-to analysis},
  booktitle = {PLDI},
  year      = {2013},
  pages     = {423-434},
}

@inproceedings{kcfa,
  author    = {Matthew Might and
               Yannis Smaragdakis and
               David Van Horn},
  title     = {Resolving and exploiting the {\it k}-CFA paradox: illuminating
               functional vs. object-oriented program analysis},
  booktitle = {PLDI},
  year      = {2010},
  pages     = {305-315},
}

@article{MilanovaRR05,
  author    = {Ana Milanova and
               Atanas Rountev and
               Barbara G. Ryder},
  title     = {Parameterized object sensitivity for points-to analysis
               for {J}ava},
  journal   = {TOSEM},
  volume    = {14},
  number    = {1},
  year      = {2005},
  pages     = {1-41}
}


@article{lazy02,
  title={Lazy abstraction},
  author={Henzinger, Thomas A and Jhala, Ranjit and Majumdar, Rupak and Sutre, Gr{\'e}goire},
  journal={ACM SIGPLAN Notices},
  volume={37},
  number={1},
  pages={58--70},
  year={2002},
  publisher={ACM}
}

@inproceedings{slam,
  title={The S LAM project: debugging system software via static analysis},
  author={Ball, Thomas and Rajamani, Sriram K},
  booktitle={ACM SIGPLAN Notices},
  volume={37},
  number={1},
  pages={1--3},
  year={2002},
  organization={ACM}
}


@incollection{mcmillan05,
  title={Applications of Craig interpolants in model checking},
  author={McMillan, Kenneth L},
  booktitle={Tools and Algorithms for the Construction and Analysis of Systems},
  pages={1--12},
  year={2005},
  publisher={Springer}
}

@inproceedings{pscout,
  title={Pscout: analyzing the android permission specification},
  author={Au, Kathy Wain Yee and Zhou, Yi Fan and Huang, Zhen and Lie, David},
  booktitle={Proceedings of the 2012 ACM conference on Computer and communications security},
  pages={217--228},
  year={2012},
  organization={ACM}
}

%@misc{usreport,
%    title = {{US} Homeland Security Report},
%    howpublished = {\url{http://info.publicintelligence.net/DHS-FBI-AndroidThreats.pdf}},
%}

%@misc{q2report,
%    title = {{Q2 IT} Evolution Threat Report},
%    howpublished = {\url{http://www.securelist.com/en/analysis/204792299/IT_Threat_Evolution_Q2_2013}},
%}


